@inproceedings{irodova2005reinforcement,
  title={Reinforcement Learning and Function Approximation.},
  author={Irodova, Marina and Sloan, Robert H},
  booktitle={FLAIRS Conference},
  pages={455--460},
  year={2005}
}